<record><leader>00000cas a22000007a 4500</leader><controlfield tag="001">13573832</controlfield><controlfield tag="008">860515d18501857mouwr ne      0    0eng d</controlfield><datafield ind1=" " ind2=" " tag="010"><subfield code="a">sn 86063711 </subfield></datafield><datafield ind1=" " ind2=" " tag="040"><subfield code="a">KSH</subfield><subfield code="b">eng</subfield><subfield code="c">KSH</subfield><subfield code="d">NPT</subfield><subfield code="d">NPX</subfield><subfield code="d">PPM</subfield><subfield code="d">MQN</subfield><subfield code="d">NVF</subfield><subfield code="d">OCL</subfield><subfield code="d">OCLCQ</subfield><subfield code="d">OCLCF</subfield><subfield code="d">OCLCO</subfield></datafield><datafield ind1="1" ind2=" " tag="029"><subfield code="a">AU@</subfield><subfield code="b">000020236164</subfield></datafield><datafield ind1=" " ind2=" " tag="042"><subfield code="a">msc</subfield></datafield><datafield ind1=" " ind2=" " tag="043"><subfield code="a">n-us-mo</subfield></datafield><datafield ind1="0" ind2="0" tag="245"><subfield code="a">Weekly Saint Louis intelligencer.</subfield></datafield><datafield ind1="3" ind2="0" tag="246"><subfield code="a">Weekly St. Louis intelligencer</subfield></datafield><datafield ind1="1" ind2="7" tag="246"><subfield code="a">St. Louis intelligencer</subfield></datafield><datafield ind1="3" ind2="0" tag="246"><subfield code="a">Saint Louis intelligencer</subfield></datafield><datafield ind1=" " ind2=" " tag="260"><subfield code="a">St. Louis, Mo. :</subfield><subfield code="b">George K. Budd</subfield></datafield><datafield ind1=" " ind2=" " tag="300"><subfield code="a">v.</subfield></datafield><datafield ind1=" " ind2=" " tag="310"><subfield code="a">Weekly</subfield></datafield><datafield ind1="1" ind2=" " tag="362"><subfield code="a">Began in 1850.</subfield></datafield><datafield ind1="0" ind2=" " tag="362"><subfield code="a">-v. 8, no. 41 (Oct. 13, 1857).</subfield></datafield><datafield ind1=" " ind2=" " tag="580"><subfield code="a">Daily eds.: St. Louis intelligencer (Saint Louis, Mo. : Evening ed.), 1850-&lt;1851&gt;, and: St. Louis intelligencer, 1850, and: St. Louis daily intelligencer, 1851, and: Daily Saint Louis intelligencer, 1851-1857.</subfield></datafield><datafield ind1=" " ind2=" " tag="588"><subfield code="a">Description based on: Vol. 3, no. 8 (Feb. 27, 1852).</subfield></datafield><datafield ind1=" " ind2="0" tag="651"><subfield code="a">Saint Louis (Mo.)</subfield><subfield code="v">Newspapers.</subfield></datafield><datafield ind1=" " ind2="7" tag="655"><subfield code="a">Newspapers.</subfield><subfield code="2">fast</subfield><subfield code="0">(OCoLC)fst01423814</subfield></datafield><datafield ind1=" " ind2="7" tag="651"><subfield code="a">Missouri</subfield><subfield code="z">Saint Louis.</subfield><subfield code="2">fast</subfield><subfield code="0">(OCoLC)fst01204930</subfield></datafield><datafield ind1=" " ind2=" " tag="752"><subfield code="a">United States</subfield><subfield code="b">Missouri</subfield><subfield code="d">Saint Louis.</subfield></datafield><datafield ind1="1" ind2=" " tag="775"><subfield code="t">St. Louis intelligencer</subfield><subfield code="w">(DLC)sn 84020169</subfield></datafield><datafield ind1="1" ind2=" " tag="775"><subfield code="t">St. Louis daily intelligencer</subfield><subfield code="w">(DLC)sn 84020168</subfield></datafield><datafield ind1="1" ind2=" " tag="775"><subfield code="t">Daily Saint Louis intelligencer</subfield><subfield code="w">(DLC)sn 84020166</subfield></datafield><datafield ind1="1" ind2=" " tag="775"><subfield code="t">St. Louis intelligencer (Saint Louis, Mo. : Evening ed.)</subfield><subfield code="w">(DLC)sn 94055183</subfield></datafield><datafield ind1="0" ind2=" " tag="775"><subfield code="t">Tri-weekly St. Louis intelligencer</subfield><subfield code="w">(DLC)sn 87056754</subfield></datafield><datafield ind1="0" ind2="0" tag="780"><subfield code="t">St. Louis weekly new era</subfield><subfield code="w">(DLC)sn 89067665</subfield></datafield><datafield ind1="0" ind2="7" tag="785"><subfield code="t">Saint Louis weekly news</subfield><subfield code="w">(DLC)sn 89067666</subfield></datafield><datafield ind1="0" ind2="7" tag="785"><subfield code="t">Weekly Saint Louis evening news and intelligencer</subfield><subfield code="w">(DLC)sn 86063963</subfield></datafield></record>